<collection xmlns="http://www.loc.gov/MARC21/slim">
<record>
  <leader>03022nam0a2200445 i 450 </leader>
  <controlfield tag="001">IT\ICCU\CNCE\029747</controlfield>
  <controlfield tag="005">20071127000000.0</controlfield>
  <datafield tag="012" ind1=" " ind2=" ">
    <subfield code="a">i.i. o.n- nai. tipe (7) 1522 (T)</subfield>
    <subfield code="2">fei</subfield>
  </datafield>
  <datafield tag="100" ind1=" " ind2=" ">
    <subfield code="a">19971122d1522        0itac0103    ba</subfield>
  </datafield>
  <datafield tag="101" ind1=" " ind2=" ">
    <subfield code="a">ITA</subfield>
  </datafield>
  <datafield tag="102" ind1=" " ind2=" ">
    <subfield code="a">IT</subfield>
  </datafield>
  <datafield tag="200" ind1="1" ind2=" ">
    <subfield code="a">Fasciculo de medicina. Collectorio uniuersalissimo chiamado fasciculo de medicina, extracto dalla achademia delli antiqui, &amp; moderni approbati medici, tractante delli accidenti delle urine, delle egritudine particular, della flobothomia, delle ferite, delli membri genitali, &amp; breuiter de tutte le infirmita nelle qual puol incorrer li corpi humani dalla summita della testa fina alle piante di piedi, ... Composto, &amp; con mirabel artificio compillado, per lo profondissimo doctor physico, &amp; cyrurgico maistro Giouanni de Ketam allemano. Azonto el singularissimo conseio de maistro Piero de Tausignano ... contra peste. Azonta anchora la stupenda anothomia de maistro Mondino ...     Nouissimamente ... reuisto, distincto, &amp; appontado ...</subfield>
  </datafield>
  <datafield tag="210" ind1=" " ind2=" ">
    <subfield code="e">Stampado nella inclita citta di Venetia</subfield>
    <subfield code="g">con accuratissima diligentia per Cesaro Arriuabeno venitiano</subfield>
    <subfield code="h">1522 a di yii zener</subfield>
  </datafield>
  <datafield tag="215" ind1=" " ind2=" ">
    <subfield code="a">\4!, LXV, \1! c.</subfield>
    <subfield code="c">ill.</subfield>
    <subfield code="d">fol</subfield>
  </datafield>
  <datafield tag="620" ind1=" " ind2=" ">
    <subfield code="a">IT</subfield>
    <subfield code="d">Venezia</subfield>
  </datafield>
  <datafield tag="700" ind1=" " ind2="1">
    <subfield code="a">Ketham,</subfield>
    <subfield code="b">Johannes</subfield>
    <subfield code="3">IT\ICCU\CNCA\008778</subfield>
  </datafield>
  <datafield tag="702" ind1=" " ind2="0">
    <subfield code="a">Pietro</subfield>
    <subfield code="c"> : da#Tossignano</subfield>
    <subfield code="3">IT\ICCU\CNCA\010015</subfield>
  </datafield>
  <datafield tag="702" ind1=" " ind2="0">
    <subfield code="a">Mondino</subfield>
    <subfield code="c"> : dei#Liucci</subfield>
    <subfield code="3">IT\ICCU\CNCA\001094</subfield>
  </datafield>
  <datafield tag="712" ind1="0" ind2="0">
    <subfield code="a">Arrivabene, Cesare</subfield>
    <subfield code="3">IT\ICCU\CNCT\000651</subfield>
    <subfield code="4">650</subfield>
  </datafield>
  <datafield tag="790" ind1=" " ind2="0">
    <subfield code="a">Kartham</subfield>
    <subfield code="c"> : Alemanus</subfield>
    <subfield code="3">IT\ICCU\CNCA\019468</subfield>
    <subfield code="z">Ketham, Johannes</subfield>
  </datafield>
  <datafield tag="790" ind1=" " ind2="1">
    <subfield code="a">Karcham,</subfield>
    <subfield code="b">Johannes : de</subfield>
    <subfield code="3">IT\ICCU\CNCA\019469</subfield>
    <subfield code="z">Ketham, Johannes</subfield>
  </datafield>
  <datafield tag="790" ind1=" " ind2="1">
    <subfield code="a">Ketum,</subfield>
    <subfield code="b">Johannes : von</subfield>
    <subfield code="3">IT\ICCU\CNCA\019470</subfield>
    <subfield code="z">Ketham, Johannes</subfield>
  </datafield>
  <datafield tag="790" ind1=" " ind2="1">
    <subfield code="a">Ketham,</subfield>
    <subfield code="b">Johann : von</subfield>
    <subfield code="3">IT\ICCU\CNCA\019477</subfield>
    <subfield code="z">Ketham, Johannes</subfield>
  </datafield>
  <datafield tag="790" ind1=" " ind2="1">
    <subfield code="a">Tussignano,</subfield>
    <subfield code="b">Pietro</subfield>
    <subfield code="3">IT\ICCU\CNCA\022458</subfield>
    <subfield code="z">Pietro : da#Tossignano</subfield>
  </datafield>
  <datafield tag="790" ind1=" " ind2="1">
    <subfield code="a">Da_Tossignano,</subfield>
    <subfield code="b">Pietro</subfield>
    <subfield code="3">IT\ICCU\CNCA\022459</subfield>
    <subfield code="z">Pietro : da#Tossignano</subfield>
  </datafield>
  <datafield tag="790" ind1=" " ind2="1">
    <subfield code="a">Tossignano,</subfield>
    <subfield code="b">Pietro : de</subfield>
    <subfield code="3">IT\ICCU\CNCA\025279</subfield>
    <subfield code="z">Pietro : da#Tossignano</subfield>
  </datafield>
  <datafield tag="790" ind1=" " ind2="1">
    <subfield code="a">Tussignano,</subfield>
    <subfield code="b">Petrus : de</subfield>
    <subfield code="3">IT\ICCU\CNCA\026077</subfield>
    <subfield code="z">Pietro : da#Tossignano</subfield>
  </datafield>
  <datafield tag="790" ind1=" " ind2="0">
    <subfield code="a">Mundinus</subfield>
    <subfield code="3">IT\ICCU\CNCA\014671</subfield>
    <subfield code="z">Mondino : dei#Liucci</subfield>
  </datafield>
  <datafield tag="790" ind1=" " ind2="0">
    <subfield code="a">Mundinus</subfield>
    <subfield code="c"> : de#Lentijs</subfield>
    <subfield code="3">IT\ICCU\CNCA\025882</subfield>
    <subfield code="z">Mondino : dei#Liucci</subfield>
  </datafield>
  <datafield tag="791" ind1="0" ind2="0">
    <subfield code="a">Arrivabenus, Caesar</subfield>
    <subfield code="3">IT\ICCU\CNCT\004261</subfield>
    <subfield code="z">Arrivabene, Cesare</subfield>
  </datafield>
  <datafield tag="791" ind1="0" ind2="0">
    <subfield code="a">Arrivabeno, Caesaro</subfield>
    <subfield code="3">IT\ICCU\CNCT\004262</subfield>
    <subfield code="z">Arrivabene, Cesare</subfield>
  </datafield>
  <datafield tag="801" ind1=" " ind2="3">
    <subfield code="a">IT</subfield>
    <subfield code="b">ICCU</subfield>
    <subfield code="c">20201114</subfield>
  </datafield>
  <datafield tag="899" ind1=" " ind2=" ">
    <subfield code="a">Biblioteca Apostolica Vaticana. Citt ̉del Vaticano</subfield>
    <subfield code="1">EX0001</subfield>
    <subfield code="2">ZCV 01</subfield>
  </datafield>
  <datafield tag="899" ind1=" " ind2=" ">
    <subfield code="a">Biblioteca Oliveriana. Pesaro</subfield>
    <subfield code="1">PU0061</subfield>
    <subfield code="2">URB OL</subfield>
  </datafield>
  <datafield tag="899" ind1=" " ind2=" ">
    <subfield code="a">Biblioteca comunale degli Intronati. Siena</subfield>
    <subfield code="1">SI0046</subfield>
    <subfield code="2">RT1 QI</subfield>
  </datafield>
  <datafield tag="899" ind1=" " ind2=" ">
    <subfield code="a">Biblioteca civica. Vercelli</subfield>
    <subfield code="1">VC0073</subfield>
    <subfield code="2">TO0 A2</subfield>
  </datafield>
  <datafield tag="899" ind1=" " ind2=" ">
    <subfield code="a">Biblioteca nazionale Marciana. Venezia</subfield>
    <subfield code="1">VE0049</subfield>
    <subfield code="2">VEA BM</subfield>
  </datafield>
  <datafield tag="899" ind1=" " ind2=" ">
    <subfield code="a">Biblioteca civica Bertoliana. Vicenza</subfield>
    <subfield code="1">VI0096</subfield>
    <subfield code="2">VIA BE</subfield>
  </datafield>
  <datafield tag="911" ind1=" " ind2=" ">
    <subfield code="a">Marca nel coloph.</subfield>
    <subfield code="9">IT\ICCU\CNCM\000344</subfield>
  </datafield>
  <datafield tag="921" ind1=" " ind2=" ">
    <subfield code="a">IT\ICCU\CNCM\000344</subfield>
    <subfield code="b">Cerchio con croce doppia e iniziali A.G.</subfield>
    <subfield code="c">K182</subfield>
    <subfield code="c">V264</subfield>
    <subfield code="c">Z248</subfield>
    <subfield code="f">CERCHIO</subfield>
    <subfield code="f">CROCE</subfield>
    <subfield code="g">1504-1528</subfield>
  </datafield>
</record>
</collection>
